@misc{lecture,
  author        = {Sven Nahnsen},
  title         = {Lecture notes in data Management in quantitative biology},
  month         = {April},
  year          = {2015},
  publisher={University of Tuebingen}
}